2640 4792
339 326 387 386 uu
409 290 618 389 uuuusueus
642 330 710 390 utu
738 331 771 389 r.
793 337 840 391 io.
1070 329 1130 397 rsa

49 513 102 575 pro
117 491 167 554 illo
182 492 286 556 debeo.
332 489 426 556 Filius
443 493 506 576 ipse
523 493 656 558 beneficii
673 516 766 580 capax
779 506 844 560 ests
869 495 1152 579 inquietassent-'1

48 593 108 675 pit,
141 613 197 675 ego
215 592 359 659 beneficio
382 593 487 657 laetor.
521 595 694 679 contingor,
718 618 777 661 non
795 597 920 680 obligor.
967 593 1062 661 Uolim
1083 607 1126 660 ta·

10 746 13 757 .
48 713 134 771 men,
158 704 190 756 tu
212 694 261 776 qui
279 694 387 759 debere
408 704 438 757 te
456 716 515 758 non
540 707 624 779 putas
646 698 826 781 respondeas
849 697 938 761 mibis
959 694 1029 761 Filii
1047 697 1125 760 bona

10 820 15 861 ι
48 793 195 872 ualitudo,
221 794 362 872 felicitas,
385 795 591 879 patrimonium
617 798 745 880 pertinet
763 797 801 861 ad
822 798 955 881 patrem?
995 794 1126 861 Felicior

10 923 13 960 i
46 895 162 956 futurus
181 905 245 973 est,
277 895 303 959 si
323 895 437 958 saluum
454 895 543 958 lilium
566 896 719 974 babuerit,
750 897 913 973 infelicior,
936 897 965 960 si
980 896 1123 960 amiserit.

10 1050 13 1062 .
45 991 126 1076 Quid
145 997 239 1078 ergo?
261 995 311 1078 qui
327 1006 358 1058 ει
371 995 485 1059 felicior
499 996 531 1059 lit
547 1016 628 1061 ame
645 1006 676 1060 ει
690 997 869 1061 infelicitatis
884 997 1031 1061 maximae
1049 997 1125 1082 peri·

10 1128 13 1164 ι
42 1095 113 1157 culo
131 1094 274 1159 liberatur
297 1117 357 1158 non
373 1097 479 1181 accipit
498 1097 693 1161 beneficium?
732 1095 826 1178 Non,
848 1098 953 1181 inquit.
984 1098 1150 1181 quaedam

40 1196 125 1258 euim
144 1196 175 1257 iu
194 1197 266 1259 alios
282 1199 492 1276 conferuntur,
516 1199 570 1261 sed
589 1198 626 1262 ad
643 1218 699 1263 nos
711 1219 805 1282 usque
817 1208 1000 1282 permanant.
1035 1197 1072 1261 ab
1088 1217 1124 1261 co

39 1306 142 1359 autem
160 1298 240 1380 exigi
263 1297 387 1380 quidque
408 1298 496 1361 debet
514 1299 544 1360 in
560 1319 647 1382 quem
664 1301 831 1379 confertur,
855 1299 933 1363 sicut
946 1299 1071 1383 pecunia
1087 1298 1123 1361 ab

38 1417 78 1460 oo
97 1397 206 1481 patitur
223 1398 270 1460 cui
288 1398 397 1461 credita
422 1409 486 1477 est,
518 1399 652 1482 quamuis
666 1400 703 1464 ad
724 1420 771 1464 me
784 1400 834 1463 itta
851 1399 950 1483 aliquo
967 1399 1053 1462 modo
1072 1418 1122 1461 uo·

37 1499 132 1562 uerit.
177 1497 297 1563 Nullum
324 1498 496 1562 berrelicium
513 1511 560 1563 est
578 1501 661 1565 cuius
683 1500 865 1565 commodum
892 1520 952 1562 oon
975 1498 1121 1582 etproxi·

34 1621 107 1663 mos
124 1609 244 1683 tarrgat,
265 1620 483 1682 nonnumquam
499 1601 587 1663 etiam
608 1601 724 1682 longius
745 1601 869 1684 positos.
914 1597 986 1663 Nou
1006 1598 1147 1680 quaeri-a

36 1713 91 1763 tur
117 1722 175 1782 quo
199 1701 372 1763 beneficium
389 1700 426 1762 ab
448 1721 485 1762 eo
510 1701 557 1763 eui
583 1702 680 1763 datum
704 1710 750 1763 est
768 1701 980 1773 occuleretur,
1004 1698 1056 1759 sed
1073 1696 1121 1759 ubi

34 1801 138 1887 primo
152 1801 334 1863 conlocetur:
359 1820 376 1861 a
392 1819 446 1863 reo
462 1799 513 1861 tibi
532 1799 596 1882 ipso
613 1809 643 1861 ει
662 1819 679 1861 a
694 1799 788 1884 capita
803 1798 939 1882 repetitio
955 1806 1011 1859 est.
1044 1793 1122 1877 Quid

34 1903 140 1984 orgof
163 1922 216 1963 oro
238 1909 285 1977 ιε,
310 1899 479 1976 nondinis,
502 1896 611 1961 Filium
629 1897 699 1961 mihi
718 1899 832 1962 donasti
850 1909 898 1976 et,
921 1898 947 1961 si
966 1897 1012 1959 bic
1029 1895 1122 1981 peria·

34 2013 110 2078 set,
136 2000 267 2062 uicturus
283 1999 417 2064 nonfuit
438 2019 492 2082 pro
508 1999 572 2062 eius
588 1999 649 2063 uita
663 1998 837 2063 beneficium
853 2020 912 2062 non
930 1998 1020 2062 debes
1037 1996 1120 2059 cuius

34 2105 134 2167 uitam
152 2111 220 2163 tuae
244 2100 397 2184 praefers?
438 2097 616 2163 Etiamnunc
633 2121 699 2163 cum
719 2100 809 2163 filium
824 2111 905 2163 tuum
921 2097 1059 2174 seruaui,
1083 2096 1119 2159 ad

34 2223 142 2289 genua
156 2201 334 2285 procumbis,
357 2201 401 2263 dis
419 2211 488 2263 uota
509 2200 601 2264 soluis
621 2210 766 2285 tamquan
781 2200 845 2284 ipse
860 2211 1008 2264 seruatus.
1047 2194 1145 2259 lllaas

36 2325 135 2371 uoces
154 2312 266 2366 exeunt
282 2302 352 2365 tibi:
383 2300 467 2365 Nihil
483 2302 609 2366 interest
630 2322 696 2364 mea
717 2322 754 2363 an
770 2321 818 2364 mc
834 2299 1015 2364 seruaueris.
1045 2297 1119 2358 duos

37 2404 190 2475 seruasti:
214 2403 302 2466 immo
318 2423 365 2465 mc
378 2402 484 2485 magis.
529 2401 632 2485 Quare
647 2402 705 2464 ista
719 2400 805 2477 diois,
828 2403 928 2462 sinon
945 2396 1052 2478 accipis
1069 2394 1119 2456 be-

36 2506 202 2583 neficiumf
228 2504 314 2587 quia,
338 2502 412 2567 etsi
429 2502 507 2567 filius
526 2523 609 2566 meus
631 2500 783 2585 pecuniam
802 2510 932 2562 mutuam
950 2493 1118 2579 sumpserit,

37 2606 184 2673 creditori
200 2604 378 2681 numerabo,
402 2625 461 2667 non
486 2614 584 2667 tamen
600 2604 666 2665 ideo
691 2623 747 2684 ego
766 2600 906 2663 debuero.
937 2596 1021 2680 quia,
1046 2604 1077 2657 ει
1093 2593 1120 2656 si

38 2711 122 2789 lilius
138 2728 219 2769 meus
234 2708 266 2769 iu
283 2704 426 2768 adulterio
440 2704 639 2786 deprehensus
658 2702 735 2777 erit,
760 2700 950 2773 erubescam,
974 2716 1034 2758 non
1052 2694 1120 2755 ideo

38 2831 101 2895 ego
128 2829 179 2872 ero
201 2807 327 2869 adulter.
371 2802 448 2866 Dico
465 2822 512 2864 me
535 2801 587 2862 tibi
607 2799 766 2879 obligatum
788 2818 840 2879 pro
864 2797 941 2871 filiu,
973 2815 1032 2855 nou
1053 2790 1146 2872 quino

41 2932 130 2995 snm,
154 2909 206 2970 sed
223 2906 290 2988 quia
305 2903 373 2967 aiolo
391 2922 437 2963 me
459 2901 568 2963 offerre
583 2898 633 2960 tibi
651 2896 812 2959 debitorem
828 2893 1035 2955 uoluntarium.
1080 2887 1123 2950 At

40 3010 183 3100 peruenit
201 3008 237 3069 ad
260 3025 308 3068 me
327 3022 440 3071 surnma
456 3022 497 3064 ex
514 2998 712 3062 incolumitate
738 2996 802 3059 eius
826 2994 979 3078 uoluptas,
1009 3006 1124 3053 summa

41 3112 156 3178 utilitas
174 3120 204 3170 et
222 3106 356 3170 orbitatis
380 3100 586 3191 grauissimum
609 3099 713 3161 uolnus
737 3095 837 3179 effugi.
882 3093 954 3158 Non
976 3089 1125 3175 qrraeritur

42 3233 126 3277 nuno
152 3231 189 3272 au
213 3207 358 3291 prolueris
381 3203 470 3279 mihi,
503 3200 554 3274 sed
577 3222 615 3263 an
639 3198 810 3261 beneficium
838 3195 973 3260 dederis:
1005 3191 1124 3276 prodest
1238 3232 1242 3243 .

43 3312 127 3377 surim
146 3321 177 3373 et
194 3309 301 3372 animal
324 3317 354 3370 et
374 3305 447 3389 lapis
470 3313 500 3365 et
525 3301 634 3378 herba,
659 3320 713 3362 noc
736 3309 833 3362 umen
859 3295 1032 3362 beneficium
1054 3291 1125 3353 dant
1161 3364 1164 3372 Ι
1252 3318 1263 3333 ·

236 3492 295 3556 Cap.
313 3491 386 3540 XIX.
602 3481 687 3531 lectio.
720 3482 782 3530 Nan.
800 3471 1125 3528 P3.=lreouuti1m0tia

84 3564 110 3610 ἰ.
129 3559 479 3618 G=epobenefieiotecton
504 3551 570 3600 undo
603 3548 714 3600 vocibus.
749 3548 816 3594 Erm.
835 3544 864 3593 ei.
884 3545 974 3591 :Ab
992 3555 1024 3589 eo
1042 3541 1127 3618 tibist

49 3626 133 3699 possit
142 3623 228 3688 aliquis
239 3622 360 3675 coniicere
368 3623 475 3683 beneficio
491 3622 572 3667 obte-
606 3619 641 3664 ab
658 3619 710 3677 ipso
726 3615 811 3673 capite.
843 3611 904 3659 lt==
914 3623 931 3657 α
942 3621 982 3656 reo
998 3609 1039 3653 tibi
1052 3616 1125 3666 ipso.

51 3704 109 3747 ctor.
140 3691 232 3740 RNas.
243 3686 286 3738 1³3.
297 3687 350 3736 Col.
363 3694 430 3746 -t-et
446 3689 573 3748 confingor.
641 3699 665 3746 5,
683 3698 755 3746 R:
768 3699 858 3743 emp
880 3695 927 3743 pipp,
962 3680 1029 3739 Em
1047 3685 1077 3737 οἱ,
1092 3705 1131 3730 =

52 3764 98 3814 ΡἸ»
113 3767 139 3819 ÷
151 3760 206 3808 διά
222 3772 268 3806 ”⁰⁷¹
286 3757 398 3815 ddunt·-
608 3764 758 3816 enesaunt
774 3763 823 3808 titi.
858 3757 1001 3811 avut-
1012 3756 1128 3806 (επιε-

35 3847 40 3851 ’
88 3832 168 3878 ‘lew‘
185 3831 212 3874 ιθ
226 3819 449 3882 mmmm
457 3818 574 3871 Gra*
611 3835 644 3883 bit
659 3845 713 3880 mea
726 3830 818 3878 interest
832 3841 865 3875 on
879 3839 923 3874 me.
952 3821 1128 3872 Genn.==Ni·

55 3895 142 3951 Μ·
194 3888 482 3942 Villi-ffiffl‘lf·
610 3902 643 3951 bil
668 3900 760 3946 iotaest
785 3895 875 3942 illum
899 3906 932 3940 on
952 3904 996 3940 me.
1031 3890 1130 3942 Ὧδε

88 3978 114 4030 3.
135 3974 329 4036 Gzprons'mos
352 3973 446 4032 tangit.
481 3967 529 4016 RG
542 3987 577 4010 ε
611 3967 673 4017 Ntbtl
689 3977 733 4012 ms
750 3964 840 4010 intmsst
863 3975 896 4009 ou
914 3971 958 4007 ma.
991 3954 1060 4021 Lips.
1075 3969 1131 4002 ma-

62 4047 383 4166 ondlultissoslr'ddifertur.
417 4101 487 4150 G=
502 4104 579 4150 bans·
612 4031 936 4153 νῑΐεῖοηωῗαῖιιῗηαέιάῗΐιρο
950 4111 984 4133 =
999 4088 1060 4138 Nus.
1079 4088 1132 4141 diro

57 4185 129 4244 feri.
165 4174 227 4225 cod.
245 4173 350 4223 Delben.
366 4171 435 4218 ==A
459 4182 485 4217 rr
507 4180 521 4214 ο
540 4164 581 4213 titt
614 4166 704 4218 -θΒο,
756 4157 1061 4212 RGVss—ddoefdso·

57 4250 125 4310 ipsi.
150 4242 241 4310 probat
256 4243 360 4308 Opsop,
379 4232 483 4285 otosit
498 4233 581 4279 lntcr-
649 4226 676 4279 6.
695 4229 794 4278 lt=ex
811 4226 972 4275 cotcoaftote
988 4226 1044 4272 eius
