2640 4792
102 312 142 375 Vl
521 308 741 371 PRAEFATIO.

191 476 332 542 Ceterum
357 496 432 560 quac
452 476 488 539 dc
511 473 645 540 Senecae
667 476 805 560 operibus
825 478 861 540 ad
884 487 977 540 mstos
1004 476 1192 560 corrigendis

107 597 188 676 dixi,
219 596 320 658 eadem
344 595 374 657 ia
398 595 471 657 alios
494 594 655 679 scriptores
683 595 789 658 cadunt
816 595 995 679 permultos,
1031 616 1068 658 ne
1094 596 1192 657 dicam

109 735 231 779 omues:
255 723 287 775 ut
304 712 328 775 si
346 712 394 776 vel
410 712 491 775 locos
512 712 670 797 probantes
687 713 717 775 in
732 712 838 775 lexicis
858 724 888 775 et
905 712 1105 796 grammaticis
1122 734 1193 797 pro-

109 833 220 919 positos
235 831 270 893 ad
284 829 358 892 hanc
373 831 454 913 quasi
467 830 606 894 amussim
619 830 742 914 exigere
756 831 900 909 volueris,
925 853 984 892 non
999 831 1038 892 sit
1055 830 1190 908 dubium,

108 951 178 1036 quin
200 969 302 1012 eorum
324 968 457 1030 magnam
480 958 592 1032 perlem
614 958 664 1010 aut
687 949 766 1011 nulla
788 949 919 1013 autleni
941 947 1114 1011 auctoritate
1136 948 1192 1010 niti

109 1069 150 1133 sis
171 1066 386 1130 intellecturus.

191 1248 297 1313 Insunt
311 1249 342 1312 in
357 1249 413 1312 hoc
429 1249 579 1312 volumine
595 1250 660 1312 libri
678 1250 720 1314 de
735 1249 921 1334 Beneficiis,
940 1252 981 1315 de
1000 1253 1193 1329 Clementia,
1237 1278 1239 1301 ι

109 1370 151 1435 de
168 1367 244 1432 lna:
267 1386 341 1450 quae
362 1366 474 1429 maiora
495 1388 584 1453 opera
601 1368 743 1431 coniunxi
766 1369 846 1433 nullo
860 1370 1004 1431 minorum
1024 1369 1193 1431 libellorum

22 1466 25 1471 Ι
109 1486 243 1564 adiecto,
268 1495 299 1547 ut
318 1483 347 1546 hi
368 1505 426 1546 una
449 1484 672 1549 exhiberentur.
716 1483 787 1549 Fuit
810 1487 954 1549 antemio
973 1485 1194 1550 librisdeBo-

106 1601 231 1687 neficiis
249 1612 280 1665 ct
295 1602 336 1665 de
348 1603 525 1665 Clementia
543 1603 640 1666 nullus
655 1623 787 1666 meorum
801 1604 945 1684 codicum,
970 1604 1016 1687 qui
1031 1626 1096 1666 cum
1110 1603 1194 1667 Gru-

107 1721 164 1785 teri
178 1720 375 1786 Nazeriaao
391 1719 513 1803 aequari
525 1731 642 1804 posset:
666 1721 765 1804 itaque
783 1722 892 1784 lactum
910 1733 967 1800 est,
992 1733 1024 1784 ut
1039 1722 1129 1799 laune,
1152 1744 1194 1785 ex

107 1861 165 1924 quo
181 1838 238 1900 iam
252 1834 423 1901 Gronovius
437 1838 527 1899 multa
542 1838 765 1916 emendaverat,
789 1851 908 1922 praeter
923 1851 1039 1903 eeteros
1056 1840 1109 1901 sim
1124 1839 1194 1901 imi-

110 1966 199 2019 tatus.
215 2016 220 2049 ·.
244 1951 311 2035 Qua
329 1953 360 2015 in
375 1973 408 2016 re
424 1952 497 2015 nihil
511 1953 604 2036 magis
618 1954 721 2033 doleo,
745 1976 832 2038 quam
849 1958 926 2038 quod
945 1955 1092 2019 Gruterus
1110 1955 1193 2020 illius

109 2070 175 2135 libri
190 2054 364 2154 scripturam
381 2090 441 2133 non
457 2068 564 2152 ubique
577 2070 718 2149 laudavit,
733 2082 764 2134 ut
781 2073 816 2135 ad
831 2072 906 2136 alios
923 2074 1083 2155 coniuge-re
1099 2094 1193 2157 saepe

109 2204 234 2253 neeesse
252 2186 352 2251 luerit.
388 2186 561 2251 Parisiaes
578 2188 695 2252 codices
711 2189 782 2251 mihi
798 2189 914 2274 quidem
931 2189 1059 2253 delibare
1076 2201 1192 2253 tantum

109 2308 208 2373 licuit:
232 2327 288 2370 nec
303 2316 370 2393 post
387 2327 472 2389 quam
497 2305 633 2368 intellexi
647 2307 722 2370 meis
736 2304 858 2371 11th
873 2309 1011 2371 meliores
1027 2328 1086 2369 non
1106 2328 1190 2387 esse,

70 2450 74 2456 ·
108 2424 264 2497 videbatur
277 2443 384 2506 operae
399 2423 524 2507 pretium
539 2443 641 2487 eorum
657 2424 830 2488 collationes
845 2446 952 2509 magna
969 2426 1106 2488 mercede
1121 2427 1193 2489 red-

40 2528 48 2539 ’
107 2542 212 2605 imere.
257 2539 324 2605 Nee
348 2540 428 2623 potui
448 2539 706 2623 Neapolitanam
737 2541 895 2606 editionem
919 2554 1008 2606 totam
1029 2544 1189 2606 conterre:

109 2657 270 2723 cumcuim
294 2658 447 2741 exemplar
467 2655 664 2741 Gottingensc
680 2659 902 2743 impetrassem,
934 2659 1017 2723 multi
1043 2660 1117 2742 apud
1142 2682 1192 2723 me

109 2787 194 2841 erant
213 2775 280 2839 libri
295 2774 363 2837 msti
379 2784 462 2838 certo
480 2784 611 2860 tempore
625 2775 809 2840 bibliothecis
824 2777 964 2839 reddendi
984 2795 1078 2857 neque
1093 2776 1192 2860 ipsum

107 2894 182 2957 ultra
201 2892 387 2958 constitutam
405 2892 482 2955 diem
506 2892 587 2955 volui
609 2893 752 2957 retinere.
798 2893 924 2977 denique
945 2893 1115 2956 intercessit
1132 2895 1193 2957 iter

106 3006 284 3072 Parisiuum.
329 3006 433 3090 Itaque
451 3007 621 3091 Epistolas
642 3009 758 3090 quidem
774 3030 877 3072 omnes
893 3009 1019 3086 contuli,
1044 3019 1076 3071 ut
1095 3012 1194 3091 aqui-

108 3125 162 3188 bus
188 3124 325 3193 editionis
344 3124 458 3193 initium
484 3146 566 3191 eram
591 3126 741 3188 lecturus:
777 3125 955 3208 reliquorum
978 3136 1074 3189 autem
1098 3125 1193 3189 libro-

107 3262 171 3307 rum
194 3253 292 3327 partes
310 3253 421 3310 tantum
444 3242 565 3306 excussi
583 3242 809 3323 aestimaturus,
834 3243 899 3326 quis
921 3254 1003 3307 esset
1022 3243 1101 3304 illius
1121 3242 1193 3307 libri

107 3359 144 3421 ed
157 3379 220 3421 rem
233 3359 368 3427 ,criticam
383 3381 467 3428 usus.
512 3358 664 3443 sperabam
680 3371 835 3445 praeterea
851 3381 897 3424 me
915 3383 981 3424 eum
999 3360 1083 3422 lacile
1101 3382 1193 3442 posse

105 3495 298 3561 recuperare,
322 3477 438 3561 quando
453 3497 573 3555 eorum,
597 3477 646 3561 qui
669 3478 854 3542 bibliothecis
869 3488 1029 3563 praesunt,
1054 3498 1113 3537 non
1137 3499 1194 3561 per

107 3589 298 3657 Germaniam
318 3602 430 3659 tantum
448 3594 594 3678 insignem
609 3595 703 3659 adhuc
717 3606 859 3680 expertus
876 3614 957 3658 eram
981 3590 1193 3658 liberalitatem

105 3719 137 3771 et
150 3709 328 3777 comitatem.
372 3708 516 3777 Attamen
532 3711 587 3775 hac
603 3733 655 3797 spe
671 3733 736 3776 sum
753 3712 914 3793 deeeptus,
937 3728 1003 3770 eum
1018 3706 1067 3768 illa
1083 3707 1193 3773 editio-

104 3845 143 3888 ne
159 3846 213 3910 per
234 3826 348 3890 litteras
371 3827 479 3896 iterum
501 3828 592 3914 petita
613 3829 862 3912 responderetur,
894 3825 920 3888 si
938 3845 973 3887 ea
996 3824 1119 3907 amplius
1147 3830 1192 3891 uti

104 3940 231 4021 vellem,
255 3916 428 4025 Gottingam
446 3943 517 4005 mihi
535 3944 595 4010 iter
612 3962 681 4006 esse
698 3941 882 4022 laciendum,
912 3942 940 4005 id
964 3942 1039 4024 quod
1059 3961 1114 4004 nec
1134 3965 1192 4025 per

104 4059 236 4121 muneris
250 4058 396 4123 rationem
410 4056 516 4121 licebat
530 4077 586 4120 nee
598 4058 711 4150 persei
721 4058 873 4123 familiaris
884 4059 1095 4123 conditionem.
1119 4056 1191 4143 Ego

104 4193 177 4239 uero
195 4194 259 4237 rem
281 4173 508 4237 commemoravi
531 4193 567 4236 eo
586 4174 681 4239 solum
700 4175 843 4256 oonsilio,
876 4199 915 4241 ne
932 4175 998 4259 quis
1021 4172 1093 4236 vitio
1116 4177 1190 4240 mihi
