2640 4792
475 399 481 411 ,
561 329 780 405 PRAEFATIO.
1171 357 1211 419 ιχ

210 498 241 558 G.
289 493 416 560 Codices
435 496 539 564 lilioli.
585 516 861 571 Franciscumlnretnm
877 523 959 589 plnres
978 526 1076 579 codices
1090 528 1205 583 habuisse

122 593 185 645 iude
201 607 323 664 apparet,
349 598 419 664 quod
435 592 510 662 adl,
528 602 550 652 1.
574 620 669 667 ,‚unns,
692 606 789 674 inquit,
808 626 831 659 r.
848 618 1019 664 creuoacui.“
1052 615 1203 683 scripturas,

123 695 185 744 quaa
201 681 279 730 rarirrs
294 683 408 748 profert,
435 684 514 734 modo
531 703 586 736 cum
600 688 744 741 melioribus
759 692 828 743 libris
845 696 936 747 nostris
951 699 1101 764 muciuunt,
1126 702 1203 753 modo

122 777 179 813 cum
193 763 365 816 deterioribus.

183 910 185 915 ,
205 855 240 913 i·
285 846 414 915 Codices
432 849 567 918 (iruierl.
612 867 690 931 liderp
706 879 779 936 sunt,
798 889 860 940 quos
876 892 951 942 supra
967 895 999 939 a,
1017 875 1042 928 7.
1060 879 1120 931 dixi.

128 1008 131 1013 .
206 958 239 1015 8.
285 947 392 1015 Codex
407 948 512 1036 [alpsii.
559 963 635 1026 Quod
649 965 776 1030 expausis
794 967 845 1019 eius
861 972 990 1038 scripturis
1009 992 1023 1025 a
1040 975 1128 1043 Lipsio
1144 977 1201 1029 lud-

120 1047 188 1098 datis
205 1049 344 1116 colligitur,
362 1050 473 1102 deterior
490 1051 540 1102 fuit
556 1050 629 1100 liber.

207 1139 239 1197 9·
284 1130 413 1198 (lodices
427 1133 641 1218 Dalechumpil.
685 1140 788 1193 Praeter
803 1161 860 1206 eos,
888 1146 929 1213 qui
946 1164 1020 1215 supra
1035 1166 1065 1210 a,
1081 1147 1106 1202 9.
1124 1168 1199 1203 enr-

118 1239 221 1294 rantur,
237 1233 354 1284 laudatur
372 1234 448 1286 etiam
466 1236 546 1286 codex
562 1237 769 1286 Dominiccnorum
788 1240 950 1308 (Herbipol.).

204 1325 256 1381 sn.
302 1315 430 1384 Codices
447 1318 604 1384 Gronovii.
651 1331 765 1383 otiantur
789 1330 827 1381 hi:
854 1334 1014 1397 iruniensis,
1039 1338 1196 1388 conmm-

115 1421 164 1482 sis,
183 1421 515 1484 inimicissimorum
531 1419 666 1472 Torrentio
683 1419 802 1480 collatos,
820 1430 938 1488 excerpta
955 1439 985 1471 ex
1000 1423 1149 1475 menrbsanis
1166 1428 1197 1478 is.

119 1505 201 1553 Vossii.

483 1660 510 1703 c·
555 1640 700 1702 librorum
722 1643 757 1703 de
779 1645 832 1705 lm.

201 1765 231 1820 13
261 1792 264 1797 ·
278 1753 406 1821 (lodices
419 1755 552 1821 Erasml.
586 1770 792 1821 inmutatione
805 1773 920 1820 Erasmus
936 1770 1022 1820 laudat
1036 1780 1135 1818 tantum
1143 1770 1196 1821 liu—

111 1854 204 1920 dolphi
220 1856 352 1922 Agricolae
370 1853 572 1907 observationes:
601 1872 663 1921 quae
681 1866 763 1905 autem
785 1858 811 1907 iu
834 1856 985 1923 marginibus
1011 1854 1196 1924 conspiciuntur

113 1938 199 1988 variae
216 1938 353 2005 scripturae
371 1939 436 1989 unde
453 1938 543 1988 ductae
559 1938 625 1997 sint,
643 1938 743 1989 minime
761 1951 869 1993 constat.

198 2048 230 2101 2.
277 2036 404 2103 Codices
418 2036 565 2102 Pinciaui.
611 2048 662 2102 vid.
679 2072 755 2124 snpra
771 2076 801 2120 a,
818 2056 843 2108 2.

197 2165 229 2219 ὅ.
275 2153 405 2219 Codices
418 2153 544 2220 Mureti.
587 2167 686 2219 Laudat
700 2170 813 2220 Muretus
836 2170 921 2238 nuda
943 2169 1005 2223 loeis
1019 2169 1108 2221 librnn
1124 2171 1194 2219 sun.

110 2262 176 2320 ium,
201 2256 244 2324 qui
261 2256 323 2307 elius
340 2274 391 2308 non
408 2256 456 2306 fuit
472 2256 519 2306 nisi
536 2267 622 2308 nomer
637 2261 674 2308 A:
699 2277 729 2307 ex
746 2277 796 2326 qno
812 2276 864 2309 non
880 2257 968 2319 dubito
983 2258 1043 2324 quir
1061 2257 1109 2309 ulia
1126 2276 1191 2325 quo-

111 2359 161 2408 qne
177 2341 323 2407 sumpserit,
342 2359 406 2410 quae
425 2343 545 2391 Gruterus
559 2351 586 2391 et
602 2343 644 2393 alii
661 2343 738 2410 ipsius
755 2342 902 2394 divinationi
919 2341 1114 2407 assignaverunt.

195 2451 226 2506 4.
272 2438 380 2506 Codex
397 2438 501 2504 lureii.
546 2450 616 2500 Gitnt
632 2454 780 2518 Opsopoeus
797 2466 970 2517 nonnusquam
985 2464 1008 2499 u.
1023 2466 1045 2501 c.
1061 2451 1147 2510 iureii,
1164 2460 1191 2501 ut

108 2543 177 2592 idem
191 2543 255 2593 liber
268 2542 376 2608 intelligi
391 2541 505 2593 videatur
521 2540 598 2593 etiam
613 2538 644 2588 iis
660 2538 738 2605 loeis,
764 2537 806 2589 ubi
818 2553 842 2589 v.
859 2554 880 2589 c.
897 2546 995 2588 tantum
1011 2537 1099 2589 scribit
1114 2543 1190 2595 lnrsti

108 2627 210 2677 nomine
225 2645 276 2678 uon
293 2627 389 2678 addito.

195 2739 227 2792 5.
274 2724 402 2791 Codices
419 2725 553 2790 (irulerl.
600 2736 714 2796 Quatuor
732 2742 831 2782 tuntum
847 2731 961 2782 codicum
976 2733 1111 2801 scripturas
1125 2754 1189 2803 prn-

108 2830 160 2879 lert
176 2831 307 2893 Gruterus,
323 2827 400 2878 rim.
410 2828 435 2876 4.
453 2837 479 2875 et
496 2828 653 2884 coloniensis,
670 2822 712 2888 qui
730 2822 818 2871 ceteris
833 2822 960 2887 aliquanto
978 2833 1017 2872 est
1028 2825 1124 2877 melior.
1142 2827 1186 2877 1⁷2.

107 2913 175 2962 solet
191 2911 333 2961 consentire
350 2927 405 2957 cum
421 2926 437 2972 g
456 2918 482 2956 et
499 2909 533 2959 u.
559 2905 604 2956 1²3.
613 2921 688 2970 saepe
704 2904 765 2952 duas
780 2902 852 2951 simul
869 2904 964 2968 recepit
979 2904 1121 2971 scripturas.
1140 2909 1186 2961 1¹4.

108 2996 255 3062 plerumque
273 2991 410 3043 concordat
424 3007 478 3042 cum
496 2999 584 3039 nostro
603 2990 641 3050 G,
659 3005 706 3038 nec
719 3003 777 3037 raro
791 2986 913 3036 accedunt
928 2988 972 3036 DE
991 2997 1016 3040 et
1032 2989 1120 3058 reliqui
1136 2992 1188 3044 Ρ..

105 3077 186 3130 latiui.
222 3079 261 3127 De
276 3075 321 3128 1³4.
338 3076 392 3143 ipse
409 3076 528 3125 Gruterus
546 3072 578 3125 ad
596 3076 615 3136 1,
635 3069 676 3136 16,
693 3070 734 3123 29.
753 3070 875 3138 „simplex
891 3071 949 3134 ille,
968 3072 1064 3141 inquit,
1084 3086 1111 3126 et
1127 3079 1186 3129 nni-

105 3165 143 3214 las
160 3161 251 3212 medici
268 3172 384 3227 expertus
402 3163 515 3210 manus.“

190 3272 222 3327 6,
268 3259 396 3326 Codices
412 3259 518 3345 Lipsii,
553 3263 700 3331 Plerumque
717 3280 792 3312 unum
806 3271 904 3312 tantum
920 3262 1032 3315 codicem
1047 3285 1116 3316 suum
1128 3268 1184 3317 lau-

105 3366 150 3415 dai
167 3364 265 3433 Lipsius
282 3381 387 3431 eumque
402 3359 551 3412 deteriorem
567 3368 594 3408 et
616 3356 813 3424 interpoletum:
840 3358 925 3423 paucis
949 3368 1033 3409 tamen
1056 3359 1116 3410 locis
1131 3366 1185 3413 iibri

105 3459 347 3509 commemorantur,
366 3447 398 3496 de
415 3444 503 3513 quibus
521 3442 582 3493 nihil
598 3450 690 3490 statuo.

190 3559 220 3613 i.
267 3545 396 3612 Codices
414 3540 628 3628 Daleehampii.
674 3545 703 3594 ln
720 3546 785 3607 mzu
808 3545 923 3611 leguntur
939 3545 965 3594 hi
983 3545 1097 3595 codices:
1126 3553 1185 3599 sea-

104 3654 186 3713 lineri,
203 3654 340 3713 limncnus,
356 3650 535 3710 Deiechumpii‚
554 3646 724 3694 ancisconus
742 3639 802 3704 (uon
818 3637 861 3688 ille
878 3635 1013 3702 Pinciuni),
1033 3641 1186 3706 leoncianus,

104 3735 234 3784 Anicionus
256 3735 296 3798 (ex
315 3732 469 3783 bibliotheca
486 3732 657 3780 canonicorum
673 3726 847 3774 triciensium:
872 3723 979 3771 Anicium
995 3721 1071 3772 hodie
1095 3723 1186 3777 dicitur

104 3814 186 3881 Puy),
205 3817 365 3867 Germanicus.

191 3923 223 3976 8.
267 3911 395 3979 Codices
416 3914 573 3980 Gronovii.
620 3917 765 3971 Laudentur
781 3915 820 3965 hi:
838 3917 996 3968 Bruxeliensis
1012 3917 1111 3985 (ceteris
1127 3937 1185 3971 sas-

105 4015 187 4082 pins),
208 4017 372 4065 Tmreniiunns
388 4018 604 4072 emendatissimus,
620 4017 665 4060 ires
682 4008 781 4059 Rubenii
797 4007 854 4070 (duo
869 4003 1019 4069 Rubeninni).
1054 4024 1083 4056 ex
1099 4008 1186 4076 quibua

104 4103 279 4151 Bruxellensem
295 4097 385 4147 librum
400 4099 491 4148 bonum
510 4107 536 4145 et
551 4097 673 4144 sincerum
688 4090 765 4141 fuisse
780 4098 899 4157 apparet:
918 4086 949 4136 de
965 4090 1116 4157 reliquorum
1133 4093 1185 4144 vir-

104 4183 198 4233 tutibus
216 4192 259 4232 ant
276 4180 343 4232 uitiis
360 4180 423 4232 nihil
440 4179 520 4231 audeo
535 4195 684 4231 asseverare.
