2640 4792
108 351 176 415 Vlll
543 342 763 408 ennaranti.

111 527 151 569 ter
167 524 299 583 corruptos
321 513 371 564 suit
388 522 414 564 et
430 529 540 562 mancos.
575 511 659 563 Semel
672 508 759 562 hudat
783 509 857 560 amm
873 517 986 560 veterem
1001 507 1115 558 codicem
1133 511 1198 559 Phil.

113 599 206 652 ilaberli
222 598 385 650 iureconsulti
400 596 586 647 Divisionensis.

198 694 230 748 6.
277 680 383 747 Codex
402 680 505 745 iurati.
550 685 599 741 liic
616 708 715 758 qnoque
732 706 832 739 mancus
850 688 899 737 fuit
916 698 942 737 et
961 700 1099 756 corruptus.

199 795 230 851 7.
276 780 404 848 Codices
423 780 558 846 Gruteri.
603 787 714 836 Fuerunt
731 795 837 852 quatuor
858 789 964 835 Palatini
988 783 1194 852 (Plana),

114 903 177 938 unas
193 890 334 938 coloniensis
353 895 380 935 et
395 884 640 941 monetariam,
665 877 725 928 inde
741 878 896 944 appellatus,
914 876 982 944 quod
996 878 1022 927 in
1040 879 1091 928 eius
1109 879 1200 928 limine

116 968 247 1037 legebatur
263 970 337 1021 SCTI
352 968 486 1019 annltss
502 966 538 1016 IN
553 963 726 1016 LnUnlssn.
760 963 810 1012 Hic
824 963 915 1012 litteris
921 964 1119 1029 Langobardicis
1135 965 1199 1013 scri-

114 1064 171 1121 ptus
198 1054 258 1122 (vid.
276 1054 347 1104 Grut.
364 1052 396 1103 ad
410 1051 457 1101 Bff.
474 1053 524 1112 VI,
544 1047 591 1111 13,
609 1046 645 1112 3.)
665 1057 690 1096 et
713 1045 814 1113 reliquis
838 1057 891 1096 tam
909 1057 1034 1097 vetustate
1051 1066 1125 1114 quam
1141 1050 1199 1098 sin-

115 1138 219 1188 aen’tute
234 1137 311 1204 longe
325 1136 494 1205 praestantior
511 1134 620 1184 habebat
634 1132 711 1181 libros
728 1134 888 1195 deliniationis
903 1141 929 1180 et
944 1134 973 1181 de
983 1135 1119 1183 Clementia.
1149 1134 1200 1181 Li-

115 1222 187 1273 brum
203 1223 310 1272 eundem
323 1222 385 1272 mihi
397 1219 477 1270 videti
491 1230 566 1285 utque
577 1216 676 1268 Erasmi
691 1219 898 1278 Longonaanon
913 1217 990 1266 modo
1005 1217 1064 1267 dixi.
1099 1221 1138 1268 Ex
1155 1238 1200 1268 re-

116 1305 190 1372 liquis
206 1305 251 1355 Pl.
270 1315 358 1367 „totus
375 1305 429 1354 fere
451 1311 550 1353 constat
567 1319 598 1350 ex
620 1299 764 1365 fragmentis
784 1299 885 1349 minutis
902 1300 990 1368 vixque
1014 1311 1065 1351 tres
1089 1316 1201 1370 quatuor

117 1389 247 1439 continuat
262 1389 340 1439 lineas
348 1390 374 1438 :“
404 1386 564 1455 quamobrem
585 1384 662 1435 rarius
682 1401 697 1434 a
717 1384 825 1433 Grutero
842 1384 964 1434 laudatur.
999 1385 1042 1436 P‘l.
1058 1388 1125 1438 solet
1143 1390 1200 1439 fere

117 1490 173 1524 cam
191 1476 216 1528 bl
233 1473 374 1524 consentire
391 1482 417 1522 et
432 1471 559 1538 praeferre
573 1468 722 1535 scripturam
737 1485 812 1535 saepe
832 1468 1015 1536 interpolatam.
1049 1473 1134 1522 Etiam
1152 1474 1200 1524 P3.

116 1553 143 1608 4.
164 1556 230 1609 inter
244 1558 397 1608 recentiores
418 1550 496 1606 libros
511 1564 568 1604 sunt
582 1552 724 1614 referendi,
749 1568 854 1620 quorum
870 1572 921 1603 non
939 1567 1027 1620 magna
1044 1557 1114 1606 fides.
1152 1558 1201 1608 liis

30 1676 32 1681 -
117 1626 245 1708 aliquanto
259 1641 379 1692 sincerior
395 1650 433 1691 est
451 1642 594 1691 Coloniensis
609 1647 634 1686 et
649 1624 797 1704 scripturam
813 1636 864 1686 fert
879 1638 1004 1689 interdum
1018 1638 1122 1690 eundem
1142 1661 1201 1692 cum

116 1734 204 1776 nomo
222 1727 252 1776 n.

201 1818 233 1875 8,
279 1801 407 1874 Codices
425 1807 532 1893 Lipsii,
577 1804 647 1864 Duas
661 1808 760 1881 Lipsius
775 1812 862 1863 habuit
878 1814 991 1877 codices,
1010 1834 1115 1883 quornm
1131 1820 1202 1870 alte-

117 1924 171 1959 rum
194 1910 248 1976 ipse
267 1911 378 1977 appellat
404 1894 541 1977 optimum:
568 1918 679 1959 attamen
704 1917 808 1975 uterque
831 1909 903 1958 valde
922 1909 971 1959 luit
988 1909 1157 1978 interpolatus
1175 1928 1202 1966 et

117 2002 255 2060 corruptus.

203 2086 236 2141 9.
283 2074 410 2142 Codices
425 2076 638 2162 Daleohampii.
684 2077 712 2136 in
727 2086 791 2149 niza
806 2094 927 2137 notantur
943 2087 969 2138 hi
987 2089 1099 2140 codices:
1127 2096 1203 2144 Dole-

118 2177 236 2242 obamptl,
261 2181 377 2243 Sealtyett
393 2180 490 2247 (noster
506 2178 556 2244 G),
581 2183 740 2241 leoncianus,
759 2182 880 2243 Teistilus,
900 2176 1068 2247 vennianus,
1094 2189 1130 2235 Sl.
1148 2191 1202 2237 Ste-

117 2265 193 2324 phani
207 2262 299 2329 (idem,
319 2280 368 2330 quo
384 2280 441 2313 usus
458 2273 512 2312 erat
527 2263 616 2312 Franc.
632 2261 752 2328 Medius),
768 2266 903 2328 Hispanus,
921 2271 1057 2331 Romanas,
1075 2274 1202 2322 Gennani-

119 2361 161 2395 ους
176 2346 299 2413 (adducor
315 2348 385 2410 iere,
412 2357 440 2395 ut
457 2347 545 2413 opiner
562 2346 638 2395 fuisse
660 2346 727 2396 ident
744 2349 870 2414 exemplar
892 2351 1008 2402 editionis
1029 2357 1052 2407 z
1070 2355 1202 2422 Rudolphi

118 2429 250 2495 Agricolae
264 2430 331 2481 notis
346 2432 511 2493 instructam,
530 2439 579 2498 qao
595 2422 656 2481 olim
671 2433 786 2481 Erasmus
803 2450 859 2482 usus
874 2439 945 2499 emili
982 2439 1043 2488 Cum
1060 2457 1112 2488 non
1128 2450 1202 2491 tanta

119 2522 185 2563 esset
202 2513 227 2563 in
244 2513 313 2563 libris
331 2518 360 2564 de
376 2518 514 2578 Beneficiis,
531 2518 560 2564 de
577 2506 718 2576 Clementia,
736 2519 765 2566 de
782 2514 822 2567 Ira
838 2536 950 2570 meorum
974 2513 1094 2572 librorum
1119 2527 1202 2591 copia,

118 2607 211 2662 quanta
224 2597 251 2647 in
266 2603 393 2662 Epistola,
415 2599 463 2648 hos
487 2616 586 2666 quoque
600 2598 770 2666 Dale'charnpii
795 2603 893 2653 codices
910 2606 998 2674 ubique
1014 2609 1068 2657 fere
1088 2608 1203 2675 laudavi,

118 2697 257 2749 quanquam
274 2682 375 2732 minime
397 2681 471 2732 fidem
488 2680 610 2731 habebam
627 2683 688 2749 lugi.

205 2777 255 2831 10.
303 2763 431 2830 Codices
449 2764 606 2832 Gronovii.
651 2779 708 2843 lpse
727 2775 868 2826 Gronovius
886 2782 991 2831 contulit
1009 2782 1122 2831 codicem
1139 2789 1203 2836 Ber-

117 2869 189 2918 nardi
203 2857 357 2932 Roilendariii
374 2869 497 2937 (nostrum
514 2869 545 2931 R)
562 2878 588 2918 et
606 2872 765 2932 Elfnllenlem
780 2887 832 2919 non
846 2870 912 2921 inter
929 2874 1065 2925 deten'ores
1082 2878 1202 2927 referen-

118 2950 192 3010 dum,
222 2952 291 3018 quod
307 2952 371 3001 scire
389 2952 457 3002 beet.
493 2953 532 3000 Ab
548 2955 639 3003 alberto
656 2962 739 3002 antem
756 2948 859 3006 Rubenia
879 2970 1010 3023 acceperat
1034 2972 1153 3025 excerpta
1171 2982 1204 3012 ex

117 3033 214 3084 dnobus
228 3033 357 3084 codicibus
364 3038 553 3086 Bruxellenslbas
569 3053 620 3086 non
639 3038 828 3087 contemnendis
847 3039 932 3104 (tinum
948 3048 1045 3088 tantum
1060 3043 1127 3093 solet
1144 3047 1204 3098 lan-

117 3115 205 3183 dare),
232 3127 262 3167 ex
286 3117 374 3168 codiee
391 3110 570 3183 conteremini,
596 3139 627 3171 ex
646 3110 734 3172 codice
752 3113 882 3171 leodiensi.
918 3123 984 3170 Raro
1006 3131 1090 3174 tamen
1115 3130 1204 3183 laudat

117 3210 210 3263 motos,
239 3211 264 3251 et
280 3218 343 3269 quae
361 3196 426 3253 exli
443 3205 554 3270 profert,
581 3222 611 3254 en
629 3205 723 3255 docent
739 3204 820 3253 virum
838 3204 963 3269 egregium
979 3209 1105 3259 nonsatis
1124 3234 1204 3266 acen-

118 3293 174 3335 rate
190 3285 293 3351 legisse:
313 3286 387 3337 etiam
404 3288 429 3338 iu
446 3289 515 3339 libris
532 3289 642 3341 Pinciani
659 3300 684 3339 et
701 3287 802 3337 Gruteri
819 3287 948 3339 laudandis
963 3293 1061 3359 saepius
1078 3296 1184 3351 fallitur.

427 3493 454 3555 d.
501 3493 646 3552 Librorum
671 3491 706 3551 de
728 3492 888 3555 Clementia.

203 3633 232 3684 1·
278 3620 407 3688 Codices
425 3625 557 3688 Erasiniz
603 3634 706 3683 Praeter
723 3624 904 3688 vetustissimum
919 3640 1004 3690 laudat
1021 3642 1096 3690 scinel
1115 3662 1207 3697 exeni-

115 3722 170 3787 plar
186 3727 356 3777 Britannicum.

200 3818 232 3872 Ξ.
279 3807 407 3874 Codices
424 3806 572 3872 Pinciani.
619 3816 670 3865 vid.
689 3833 764 3882 supra
782 3835 813 3878 a,
832 3808 857 3866 i.

196 3920 230 3976 ὅ.
276 3907 383 3974 Codex
402 3907 509 3971 Medii.
554 3911 604 3963 Vid-
624 3933 698 3983 supra
716 3935 745 3976 a,
763 3914 789 3968 3.

199 4021 229 4076 4.
276 4007 405 4072 Codices
425 4006 550 4070 Murali.
596 4020 634 4066 De
650 4015 689 4065 his
705 4015 767 4065 nihil
783 4027 896 4078 constat,
924 4027 979 4067 cnm
996 4017 1072 4066 semel
1089 4019 1207 4074 Muretus

112 4108 252 4165 landaven't
267 4112 353 4160 amm
368 4113 474 4159 celenna

200 4190 232 4257 5.
278 4189 407 4257 Codices
420 4179 581 4279 Ops'opnei.
626 4197 696 4246 Duos
712 4193 798 4244 laudat
813 4189 960 4260 Opsopoe'us
984 4189 1084 4240 'codices
1103 4197 1138 4243 Gt.
1154 4201 1206 4250 Pu.

116 4299 197 4357 Μή,
213 4310 288 4343 unum
304 4297 423 4358 Delbenii5
438 4311 545 4362 ¹(tatarum
563 4293 700 4360 sosiptnrae
714 4307 789 4357 saepe
805 4299 863 4339 sunt
879 4274 982 4355 probae.
