2640 4792
407 304 456 365 llll
478 304 688 365 BENElllCllS
711 304 781 368 tta.
806 306 867 369 Vll.
885 316 914 371 l·
1135 309 1193 377 dil

114 480 256 552 pateant,
280 469 346 533 sine
366 471 490 535 tumultu
508 471 570 535 obit
584 483 614 535 et
631 492 717 535 amare
736 474 890 539 humanum
906 493 1001 557 genus
1023 478 1193 560 potentissi-

113 590 182 630 mus
204 569 267 632 eius
289 572 474 655 optimusque
498 572 575 633 inira
595 592 628 634 se
649 572 740 635 uidet.
783 571 930 639 Derideas
952 576 1038 655 licet,
1061 578 1216 663 ingentior

112 669 237 751 spiritus
260 691 309 732 res
327 683 391 749 est,
415 694 480 734 cum
499 669 653 736 Orientem
672 670 918 758 Occidentemque
938 676 1110 743 lustraueris
1128 682 1193 745 atti-

111 790 163 831 nio
187 792 252 858 qao·
267 772 354 833 ctiam
380 782 495 834 remota
517 783 548 834 et
568 772 773 835 solitudinibus
799 773 958 839 interclusa
986 790 1189 861 penetrantur,

111 890 181 931 eum
202 881 246 932 tot
260 872 416 949 animalia,
441 882 549 934 tantam
570 871 681 956 copiam
699 892 796 936 rerum
811 895 882 956 quas
898 887 1003 940 natura
1024 877 1192 947 beatissime

112 971 211 1032 fundit
232 972 423 1055 adspexeris,
448 972 583 1035 emittere
600 972 675 1034 lianc
692 972 738 1035 dei
754 993 879 1036 uocemc
909 974 992 1038 llaec
1011 979 1108 1041 omnia
1127 1001 1193 1045 mes

108 1082 196 1133 sunt.
253 1069 304 1134 Sic
334 1073 366 1133 lit
394 1082 426 1133 ut
455 1072 525 1151 nibil
552 1073 668 1157 cupiat,
698 1073 766 1155 quia
792 1073 864 1136 nihil
894 1085 940 1137 est
967 1089 1053 1140 extra
1080 1081 1190 1145 omnis.

107 1168 172 1233 lV.
198 1170 263 1233 lloc
282 1171 388 1255 ipsum,
413 1172 520 1254 inquis,
545 1173 641 1236 uolui:
667 1185 753 1236 teneo
771 1184 811 1236 te.
843 1175 912 1237 uolo
928 1175 1029 1240 uidere
1046 1182 1192 1261 quomodo

108 1291 153 1332 cx
171 1271 216 1332 lris
233 1271 345 1352 laqueis
360 1272 390 1333 in
407 1294 480 1354 quos
499 1283 547 1334 tua
564 1285 667 1356 sponte
683 1274 814 1345 decidisti
828 1276 996 1358 explicetis.
1035 1276 1093 1341 llic
1104 1280 1188 1361 mibi,

108 1371 353 1452 quemadmodum
374 1383 470 1455 potest
491 1372 596 1457 aliquis
620 1375 729 1437 donare
748 1375 889 1458 sapienti,
913 1376 938 1439 si
955 1377 1053 1447 omnia
1070 1380 1187 1464 sapien·

108 1471 148 1534 tis
166 1473 255 1532 sunt?
277 1493 342 1532 arcam
357 1472 385 1533 id
407 1493 521 1555 quoque
539 1474 614 1555 quod
632 1474 673 1535 illi
690 1475 777 1536 donat
796 1474 888 1558 ipsius
904 1486 961 1538 est.
1006 1474 1109 1561 ltaque
1126 1502 1185 1545 non

107 1581 211 1654 potest
225 1571 286 1633 dari
304 1571 475 1634 beneficium
488 1573 613 1656 sapienti
631 1574 676 1634 cni
695 1575 828 1656 quicquid
847 1576 934 1637 datur
949 1576 985 1638 de
1002 1597 1057 1639 sno
1079 1579 1185 1643 daturi

108 1672 192 1752 atqui
213 1671 307 1732 dicitis
324 1672 448 1755 sapienti
468 1693 555 1755 posse
571 1673 687 1734 donari.
732 1670 814 1734 ldem
830 1683 927 1735 autem
945 1695 992 1736 me
1008 1677 1082 1737 scito
1101 1687 1134 1738 et
1150 1678 1211 1741 dee

107 1770 214 1860 amicius
230 1770 428 1854 interrogare.
460 1769 568 1834 Omnia
584 1773 680 1834 dicitis
697 1771 754 1833 illis
770 1793 837 1834 csse
849 1773 1027 1849 communia,
1048 1793 1120 1856 ergo
1136 1797 1188 1839 ue·

106 1891 160 1931 mo
179 1871 330 1952 quicquam
356 1872 451 1932 amico
475 1873 584 1933 donare
606 1882 719 1954 potest:
744 1872 831 1934 donat
850 1872 928 1934 enim
949 1872 991 1933 illi
1009 1876 1185 1941 communie.

106 1968 195 2063 Nibil
211 1971 345 2054 prohibet
365 1971 472 2053 aliquid
496 1981 526 2032 et
548 1971 687 2054 sapientis
704 1992 771 2034 esse
789 1982 819 2034 et
843 1972 928 2034 etiam
946 1972 1010 2035 eius
1028 1974 1076 2056 qui
1091 1976 1187 2058 possi·

107 2071 173 2149 det,
199 2071 245 2132 cui
260 2072 356 2133 datam
371 2083 401 2133 et
417 2071 600 2154 adsignatum
618 2081 674 2133 est.
719 2069 788 2134 lure
802 2073 880 2134 ciuili
895 2073 991 2134 omnia
1006 2074 1086 2155 regis
1102 2087 1183 2141 sunta

106 2181 256 2233 ettamen
282 2172 330 2234 illa
350 2193 472 2254 qnorum
494 2174 530 2234 ad
553 2192 654 2253 regem
672 2173 798 2257 pertinet
815 2173 956 2236 uniuersa
982 2176 1133 2257 possessio
1153 2177 1184 2241 in

104 2273 241 2356 singulos
266 2272 398 2334 dominos
421 2272 565 2355 descripta
587 2283 656 2334 sunt
674 2283 704 2334 et
722 2293 913 2356 unaquaeque
939 2294 988 2335 res
1005 2274 1093 2337 babet
1114 2297 1183 2359 pos·

105 2393 257 2436 sessorem
284 2394 379 2434 suum.
424 2369 527 2454 Itaque
551 2373 620 2434 dare
640 2373 704 2454 regi
725 2383 755 2434 et
776 2374 893 2433 domum
910 2382 941 2433 et
963 2373 1138 2454 mancipium
1153 2384 1234 2436 eta*

106 2473 261 2555 pecuniam
278 2494 452 2555 possamus:
477 2492 532 2532 nee
549 2472 658 2533 donare
672 2471 713 2532 illi
727 2472 762 2532 de
780 2493 833 2533 suo
846 2471 983 2532 dicimur.
1028 2469 1077 2532 Ad
1094 2492 1182 2554 reges

106 2572 332 2654 enimpotestas
351 2573 479 2633 omnium
497 2571 641 2655 pertinet,
665 2571 702 2632 ad
720 2571 852 2654 singulos
871 2571 1046 2654 proprietas.
1089 2569 1183 2643 Fines

104 2671 334 2734 Atheniensium
360 2682 409 2734 aut
427 2668 642 2755 Campanorum
665 2692 804 2733 necamus
827 2692 900 2753 quos
924 2671 1029 2732 deinde
1051 2671 1132 2733 inter
1151 2693 1185 2736 se

105 2772 198 2835 uicini
216 2773 328 2854 priuata
353 2772 559 2833 terminatione
578 2769 771 2849 distinguunt.
801 2780 832 2828 et
847 2778 925 2829 totus
950 2788 1021 2846 ager
1039 2769 1116 2831 illius
1136 2781 1188 2833 aut

105 2872 186 2947 illius
206 2871 384 2952 reipublicae
398 2880 461 2931 est:
485 2889 552 2950 pars
571 2867 674 2930 deinde
688 2886 741 2926 suo
758 2865 874 2926 damino
892 2884 1022 2946 quaeque
1036 2877 1184 2937 censetur,

106 3005 299 3064 mosollacsfictu
314 3017 359 3050 sua
373 3004 419 3050 obit
434 3007 455 3050 et
470 3003 634 3050 omncbumc-
666 3014 733 3049 acmo
751 3026 781 3036 -
800 3001 836 3047 illi
857 3000 998 3047 cmnmunic.
1033 2999 1105 3048 Τ-
1123 3001 1187 3049 Nibil

106 3088 166 3121 num
192 3085 265 3131 pentes
287 3072 352 3130 intra
376 3084 399 3117 se
422 3071 491 3117 videt.
532 3070 635 3129 laqcatis
664 3069 768 3128 prohibet
783 3095 815 3104 -
833 3062 877 3131 pl.
896 3081 935 3113 ex.
952 3067 1092 3128 intellegunt.
1116 3067 1185 3118 lli-

106 3142 206 3200 spt'ritas
221 3143 254 3186 cst
269 3141 368 3185 emittere
383 3139 443 3184 banc
458 3151 552 3185 vocem:
569 3136 634 3183 Haec
667 3134 714 3186 ΘΖ.
723 3163 756 3170 -
766 3139 787 3182 et
802 3136 1007 3195 sapientiscontra
1015 3141 1093 3183 mstos
1108 3131 1184 3195 etiam

108 3208 252 3254 coniuncte.
288 3206 484 3256 ili-dimine
500 3206 614 3250 tumulto.
664 3201 733 3250 lb'nc.

143 3268 169 3319 4.
189 3271 260 3319 R=
278 3274 400 3320 latissime
420 3273 505 3333 [ondit.
530 3269 561 3317 de
580 3284 630 3334 quo
698 3265 718 3324 cl
736 3272 899 3327 elinancius
913 3291 947 3312 =
963 3266 1007 3317 Ρῖ.
1019 3267 1071 3318 Col.
1081 3269 1107 3322 Sl
1120 3268 1182 3322 -8

110 3337 179 3387 vide.
214 3339 309 3396 uacet
324 3353 403 3387 vocem
420 3343 471 3385 est.
508 3335 628 3385 eod.tur.
664 3334 715 3389 att.
776 3337 847 3385 llGV
862 3337 923 3385 Naz.
940 3333 984 3386 1²3.
1003 3362 1035 3374 -
1051 3342 1079 3384 et.
1113 3334 1182 3391 Pino,

112 3407 508 3465 -t-atailtitsdpianscupiut.
542 3403 625 3468 Rqsm
665 3401 761 3467 ulti)
781 3403 1098 3454 a1.-atnutn-eaom.
1135 3399 1183 3452 (tl.

110 3471 143 3523 al.
160 3472 205 3533 m.)
219 3499 254 3509 -
271 3477 303 3522 est
320 3480 377 3518 ante
394 3476 460 3518 extro
477 3473 564 3518 macic.
665 3468 691 3518 2.
706 3474 730 3523 -t-
744 3472 772 3513 et
796 3471 862 3514 etas
887 3471 924 3515 eui
946 3470 1036 3514 dottam.
1071 3467 1104 3516 att
1123 3472 1182 3527 post

316 3537 375 3598 Gap.
393 3536 436 3582 tv.
667 3535 818 3593 adsiqnatunt
833 3537 865 3578 est
880 3531 955 3578 habet
977 3534 1016 3578 Sic
1039 3531 1119 3577 ornatio
1140 3541 1180 3579 su-

147 3600 351 3655 bd—OEl.—ex
365 3608 423 3647 ante
437 3602 473 3647 his
489 3602 586 3658 laqueis.
611 3600 635 3646 Τ
665 3602 749 3659 picatis
766 3624 798 3634 -
815 3597 945 3645 dotniaiura
966 3597 1049 3642 babent
1067 3609 1096 3640 cx
1112 3594 1143 3649 V,
1161 3590 1182 3639 l.

112 3693 146 3727 cp
160 3675 204 3716 tuo
218 3670 317 3728 sponde
334 3669 456 3714 incidisti.
485 3667 637 3720 E=Dices
667 3664 717 3713 hnc
729 3661 857 3721 translata,
874 3678 920 3708 inec
933 3669 1014 3708 tamen
1023 3658 1074 3708 illie
1085 3657 1182 3713 omissa.

110 3738 192 3786 miehi.
212 3736 370 3794 Quoacodo
387 3747 460 3794 erqo
472 3738 554 3793 potest.
571 3733 635 3780 T=
702 3730 726 3780 3.
745 3731 769 3779 H
786 3750 820 3770 =
836 3733 856 3776 et
872 3729 971 3775 donam
989 3730 1009 3772 et
1031 3726 1183 3783 mancipium.

112 3803 355 3865 quomodopotest
376 3803 468 3860 uliquis.
502 3801 636 3849 T-Notn
669 3794 1028 3850 tt-tt=oecaonarttat.
1062 3792 1186 3839 E=ao·

115 3873 141 3919 id
156 3895 192 3905 -
209 3871 342 3929 beneficium
364 3869 471 3927 sapienti.
510 3868 580 3916 E=
594 3881 635 3914 sc·
667 3878 696 3913 rc
712 3865 755 3910 illi.
791 3860 882 3909 GVEH
896 3881 931 3900 =
945 3860 982 3906 Ad
1002 3872 1092 3920 rcqem
1116 3859 1185 3904 enim.

115 3937 186 3996 picoti
199 3949 267 3999 passe
285 3936 365 3981 dori.
668 3930 692 3976 H
707 3928 886 3976 Vrrd.Tr·onc.
899 3924 1056 3985 Scal.=pro
1073 3926 1186 3972 metatos.

147 4001 172 4050 2.
192 4003 212 4048 E
230 4017 277 4064 pro
292 3998 372 4047 verbis
388 4001 453 4046 idem
468 4025 503 4034 -
520 4000 633 4059 cdsiqaa·
667 3996 806 4043 E-Ftncs
822 3995 992 4043 Atheniensium
1012 4018 1039 4027 —
1082 4026 1088 4050 ‚
1108 3987 1130 4049 1,
1148 4003 1185 4037 tac

115 4073 161 4117 tam
178 4072 210 4122 est
224 4066 301 4113 habet
312 4067 352 4112 Sic
369 4067 448 4111 omnia
462 4067 572 4123 sapientis
587 4077 634 4110 esse
665 4075 732 4122 posse
747 4064 835 4109 duriore
851 4061 958 4121 sapienti.
992 4056 1186 4110 ut—a1.-a

116 4133 294 4191 ..dominium
317 4133 402 4190 babent
425 4145 455 4175 ex
477 4130 517 4188 V,
538 4126 559 4189 1Ἰ
585 4127 634 4175 hnc
666 4132 725 4177 totus
742 4142 798 4191 oper
816 4153 847 4162 -
864 4139 967 4187 quaeque
984 4128 1093 4172 censetur.

114 4199 240 4259 translata.
274 4196 403 4246 davitae
420 4222 452 4230 -
469 4193 515 4246 ct.
530 4221 565 4230 -
580 4208 635 4263 erpo
699 4197 796 4243 tlttas
816 4197 858 4241 out
880 4195 945 4240 itlius
969 4193 1028 4251 reip.
1045 4210 1079 4232 =
1092 4188 1126 4236 sll
1142 4183 1185 4237 dt.

161 4279 266 4322 Senecae
280 4289 315 4330 op.
329 4273 365 4319 ed.
378 4273 472 4316 Fickert
485 4272 513 4314 ll.
935 4255 975 4319 16
