2640 4792
155 340 250 405 xvtn
587 342 807 407 rnanearto.

155 521 275 598 sperata
292 532 451 576 accessura
472 522 542 576 sunt
559 513 736 577 adiumenta.
783 510 860 576 Cum
881 510 959 576 enim
975 511 1011 575 de
1028 507 1117 573 Ludo
1139 528 1245 574 emen·

156 630 252 695 datius
270 629 383 694 edendo
400 631 604 715 desperassem
624 633 687 695 fere
710 639 829 716 propter
851 630 984 693 codicum
1000 639 1194 694 vetustorum
1217 639 1246 690 et

156 748 339 832 integrorum
361 749 508 834 inopIam,
539 748 747 812 iucundissime
767 748 835 811 mihi
858 748 983 825 accidit,
1008 757 1039 811 nt
1058 745 1245 810 Theodorus

158 862 270 930 0ehler
283 864 690 946 Moeno-Francolnrtnnns,
713 866 761 950 qni
777 866 807 929 in
820 863 928 930 Museo
944 864 1090 930 Rhenano
1107 865 1145 929 de
1160 865 1244 928 codi-

157 985 241 1049 cibus
254 986 338 1049 mstis
354 1005 449 1069 nuper
461 1006 519 1048 non
535 1006 627 1070 pauca
641 986 781 1050 disseruit
794 985 886 1070 ipsius
901 984 1078 1068 diligentiam
1094 992 1126 1046 et
1142 983 1244 1046 erudi·

155 1102 265 1167 donem
278 1103 441 1189 probantia,
463 1101 587 1167 Parisiis
599 1105 628 1166 d.
639 1100 794 1167 XXVIII.
806 1101 909 1166 Martii
924 1102 1036 1166 mensis
1048 1103 1084 1166 ad
1096 1124 1145 1166 me
1156 1103 1244 1166 daret

155 1221 289 1301 litteras,
321 1221 426 1305 quibus
449 1221 518 1285 mihi
542 1221 689 1284 nuntiavit
709 1218 896 1287 valentianis
919 1241 986 1285 esse
1007 1220 1141 1283 codicem
1162 1221 1243 1286 illins

154 1338 245 1404 libelli
267 1359 329 1403 see.
346 1336 406 1403 IX.
424 1339 584 1424 scriptum,
608 1359 728 1423 operam
747 1360 829 1401 suana
849 1337 879 1401 in
895 1360 931 1402 eo
952 1339 1133 1402 excutiendo
1152 1340 1244 1403 simul

155 1457 317 1543 pollicitus
359 1455 474 1520 Eodem
489 1458 551 1519 lere
570 1468 700 1542 tempore
715 1457 856 1520 Albcrtns
872 1455 944 1520 Iahn
959 1457 995 1520 ab
1011 1456 1243 1523 Alexandrinae

156 1574 357 1663 philosophiae
380 1575 548 1659 cognitione
572 1584 709 1639 accurata
726 1576 854 1639 maxime
871 1576 1092 1639 commendatus
1109 1577 1193 1641 ultro
1209 1579 1245 1641 ad

155 1713 204 1757 me
227 1693 308 1757 misit
328 1713 369 1757 ex
389 1693 566 1757 bibliotheca
584 1690 732 1757 Beroensi
750 1693 902 1779 exemplar
920 1693 1057 1757 editionis
1077 1692 1243 1759 Gothoire-

155 1810 261 1876 dianae
287 1808 387 1875 Iaeohi
409 1808 570 1895 Bongarsii
593 1810 849 1876 obsera'ationibns
873 1812 1059 1875 instructum.
1104 1810 1161 1875 Ex
1182 1815 1240 1893 his,

156 1949 231 2013 quae
247 1930 283 1991 ad
300 1929 391 1992 libros
411 1929 540 1992 nondum
561 1928 655 1992 editos
673 1929 836 2014 portinent,
861 1929 977 1992 tertium
996 1931 1136 1995 volumen
1156 1933 1240 1995 exei-

155 2045 234 2132 pieta
257 2046 370 2130 reliqna
389 2056 488 2109 antem
506 2066 565 2107 nna
581 2066 647 2108 cum
669 2045 722 2123 iis,
746 2067 821 2131 qnae
837 2047 894 2112 viri
911 2047 989 2110 docti
1010 2048 1040 2110 in
1058 2069 1152 2134 opera
1171 2073 1242 2116 mea

155 2162 337 2230 aestimanda
358 2163 416 2227 iam
433 2173 650 2249 proposuerunt
669 2174 721 2227 aut
740 2164 917 2249 proposituri
937 2176 1006 2228 sunt
1028 2176 1059 2229 et
1079 2188 1156 2250 qnae
1174 2168 1240 2253 ipse

156 2281 330 2367 disputanda
345 2292 447 2346 contra
461 2281 643 2362 indicavero,
667 2291 771 2365 quarto
788 2283 927 2346 volumini
942 2283 1128 2348 adlicientur.
1161 2289 1241 2372 qnod

155 2410 270 2485 gratnm
289 2422 336 2464 me
354 2402 498 2465 lecturum
516 2420 582 2464 esse
603 2399 737 2463 omnibus
755 2421 864 2485 spero,
889 2401 937 2486 qni
951 2403 1006 2465 hac
1022 2422 1088 2466 mea
1106 2405 1240 2472 editione

155 2518 199 2583 nti
220 2517 379 2585 voluerint.
497 2513 499 2517 ’

230 2682 403 2752 Scribeham
411 2685 520 2752 Portae
534 2687 563 2750 d.
573 2682 697 2749 XXIV.
709 2682 786 2749 Iunii
800 2687 910 2751 mensis
923 2709 951 2752 a.
962 2684 1237 2758 MDCCCXLIII.
