2640 4792
534 346 753 410 uuuuuuulo.
1133 352 1185 412 vll

103 528 255 597 verteret,
278 517 356 600 quod
377 517 408 580 iu
430 516 647 580 commentariis
670 537 730 580 uou
752 536 855 581 omues
877 518 955 581 illius
973 517 1039 581 libri
1058 518 1183 603 scriptu-

102 659 153 702 ras
176 635 326 722 proposui.

188 752 236 818 lle
257 753 294 817 iis
310 750 478 830 codicibus,
502 752 552 834 qui
565 751 657 817 libros
673 751 714 815 cle
731 730 904 836 Beiicsiciis
921 763 973 819 aot
986 754 1028 821 cie
1043 754 1185 819 Ulmete-

102 875 152 938 tia
167 893 228 937 uou
242 872 375 955 integros
393 870 520 947 habeut,
545 871 597 931 sed
615 869 645 931 iu
666 871 869 954 compendium
884 872 1042 952 redactos,
1066 883 1185 956 praeter

104 1012 160 1070 ea,
194 1009 270 1074 quae
289 989 331 1069 de
354 987 478 1071 siugulis
502 986 580 1049 iufra
604 995 674 1049 suut
695 986 791 1066 dicta,
825 990 864 1051 cl.
882 986 1097 1073 Prolegomcua
1120 1010 1186 1052 mea

105 1083 136 1193 p.
157 1116 188 1171 d.
211 1127 270 1189 quo
284 1105 316 1168 iu
333 1104 429 1169 libello
450 1105 486 1167 de
503 1103 585 1167 libris
605 1101 742 1169 Senecae
758 1116 816 1168 tam
832 1105 984 1190 impressis
1000 1128 1086 1190 quam
1101 1106 1185 1169 mstis

103 1224 252 1310 copiosius
269 1233 315 1286 est
331 1223 517 1307 disputatum.
561 1220 596 1283 lu
611 1221 693 1285 libris
710 1221 752 1285 cle
765 1221 824 1286 lau
840 1222 927 1285 multa
944 1224 1101 1288 emendare
1115 1243 1185 1286 cou-

103 1342 170 1427 ugit
190 1362 230 1405 ex
249 1341 351 1404 codice
369 1338 631 1405 Avetustissimo:
657 1361 741 1423 quem
768 1363 833 1405 cum
851 1339 988 1407 llluuetus
1015 1341 1084 1405 olim
1103 1340 1185 1405 adlui-

103 1461 229 1539 buissct,
252 1461 304 1522 scd
319 1479 388 1521 raro
404 1458 553 1520 laudasset
568 1457 645 1520 libri
661 1456 767 1522 Simili
785 1459 915 1538 uomiue,
939 1459 1103 1543 soaiptucae
1121 1458 1185 1521 mus

104 1600 122 1641 a
141 1561 271 1642 Gruteuo
286 1587 317 1639 ct
333 1576 398 1640 aliis
420 1596 508 1661 saepe
532 1597 584 1662 pro
606 1574 719 1639 Mureti
742 1576 920 1640 coniecturis
942 1588 1012 1643 suut
1033 1576 1160 1640 habitae.

188 1694 251 1758 lam
272 1694 448 1758 ueceuseudi
473 1704 542 1756 suut
566 1694 652 1771 libri,
683 1694 787 1776 quibus
808 1695 839 1756 iu
864 1695 919 1756 luoc
943 1695 1092 1759 uolumine
1113 1713 1186 1755 usus

104 1823 182 1892 sum,
205 1812 245 1875 ita
261 1823 380 1889 tomen,
404 1821 437 1873 ut
450 1830 521 1889 eos,
545 1830 668 1891 quocum
680 1810 712 1870 iu
727 1809 811 1892 primi
829 1809 988 1873 voluminis
1003 1809 1186 1895 praelatione

105 1929 216 1992 mentio
233 1930 309 1988 lacto
325 1937 389 2006 est,
413 1925 514 2010 paucis
531 1946 776 2005 commemorem,
800 1926 836 1988 de
849 1925 984 1989 omatibus
999 1938 1096 1990 autem
1113 1946 1184 1988 cou-

106 2045 179 2109 lemi
196 2042 311 2107 iubeam
327 2040 541 2127 Puolegomeua
558 2063 623 2106 mea
643 2064 707 2129 cap.
725 2040 767 2107 Η.
786 2055 816 2108 ct
831 2041 888 2107 ΙΙΙ.
923 2041 1050 2109 Codices
1067 2045 1107 2109 ibi
1125 2065 1184 2107 uou

105 2163 269 2249 descriptos
290 2163 395 2227 stellae
413 2162 499 2245 siguo
522 2160 568 2224 hic
590 2162 703 2225 notavi.

181 2395 184 2400 ⁸
294 2450 333 2512 Α.
379 2445 598 2513 uouuuus
627 2445 994 2514 uuuuusouuuui.

402 2632 430 2697 l.
461 2632 509 2697 Ab
527 2634 729 2727 superioribus
745 2637 889 2721 usurpati.

348 2806 379 2849 a.
424 2788 624 2845 Librorum
653 2787 693 2846 de
722 2788 946 2847 Beneficiis.

194 2928 224 2981 l.
270 2915 399 2979 (lodices
416 2914 546 2979 Erasini.
592 2925 648 2974 eoa.
661 2924 872 2989 anachoreseos,
895 2943 969 2994 quem
988 2927 1064 2976 etiam
1079 2930 1188 2976 uetustis-

106 3025 193 3079 simum
210 3018 272 3068 dicit
287 3026 362 3084 atque
378 3015 404 3066 in
418 3015 488 3066 libais
502 3018 531 3066 de
546 3018 668 3079 Beneficiis
683 3025 709 3065 et
724 3018 755 3066 cle
771 3019 898 3068 Clementia
914 3019 1007 3084 passim
1022 3016 1108 3068 laudat
1123 3018 1188 3066 Em·-

106 3123 181 3165 smus‚
199 3103 267 3153 idem
282 3119 336 3152 esse
351 3101 451 3151 videtur
467 3117 497 3151 eo
511 3103 662 3151 Nasamonas
673 3098 782 3151 Gruteri.
816 3102 850 3150 cf.
867 3102 899 3152 ad
914 3103 962 3152 Bll.
981 3106 1024 3165 ΙΙΙ,
1040 3101 1082 3164 32,
1102 3101 1124 3151 l.
1143 3100 1187 3162 ΙΙΙ,

107 3187 132 3253 4,
150 3187 175 3238 2.
210 3190 249 3238 De
265 3185 365 3252 reliquis
380 3185 491 3235 eiusdem
503 3184 572 3235 libris
587 3201 675 3250 parum
690 3194 797 3235 constat.
822 3187 857 3235 cf.
867 3188 917 3238 vol.
927 3191 947 3239 Ι.
957 3188 1038 3255 prael.
1048 3205 1073 3254 p.
1081 3186 1152 3246 xlv,
1164 3182 1186 3235 l.

192 3300 224 3353 2.
270 3284 398 3351 Codices
418 3284 562 3348 pladiani.
608 3293 723 3362 Singulos
738 3295 851 3344 recensui
866 3294 892 3344 in
907 3295 957 3344 vol.
967 3298 985 3344 Ι.
993 3294 1073 3362 prael.
1082 3312 1106 3360 p.
1116 3293 1186 3357 xlv,

108 3391 131 3441 2.
150 3391 176 3440 in
192 3388 261 3440 libris
278 3398 362 3439 autem
376 3391 405 3437 de
420 3388 542 3449 Beneficiis
559 3395 585 3435 et
601 3388 630 3434 de
646 3385 774 3432 Clementia
788 3382 854 3430 inter
871 3381 986 3431 meliores
1002 3398 1052 3430 uon
1069 3387 1134 3428 scunt.

130 3475 132 3479 ι
192 3483 224 3538 5.
270 3469 377 3536 Codex
397 3468 505 3534 Mollll.
551 3476 651 3536 Codex,
677 3491 726 3541 quo
743 3474 841 3523 adiutus
859 3474 1003 3523 Franciscus
1018 3469 1118 3520 Modius
1139 3468 1188 3518 ali-

110 3586 171 3641 quot
188 3574 308 3626 librorum
325 3576 353 3622 de
368 3573 489 3633 Beneficiis
514 3569 584 3619 locos
607 3577 632 3616 et
655 3583 748 3634 paucos
765 3569 794 3616 de
812 3569 939 3615 Clemculia
955 3561 1112 3620 emendavit,
1139 3560 1188 3609 fuit
1207 3622 1210 3627 Ι

111 3661 203 3706 oblmis
217 3661 251 3708 St.
266 3659 380 3719 saeptam
395 3657 512 3715 Herbipol.
545 3653 644 3716 Pauca,
666 3667 729 3717 miae
747 3649 833 3699 laudat
848 3645 947 3696 Modius
956 3683 976 3723 ,Ι
990 3644 1083 3694 docent
1099 3643 1189 3694 librum

110 3739 187 3790 luisse
203 3739 302 3789 bonum.

198 3830 229 3885 ll·
275 3819 402 3885 Codices
423 3820 545 3884 Mureti.
591 3830 702 3878 Muretus
727 3823 815 3890 quibus
839 3820 966 3870 codicibus
988 3835 1043 3869 usus
1066 3821 1113 3882 sit,
1139 3836 1190 3870 uon

111 3921 275 3980 diiudicatur,
301 3938 347 3970 nec
363 3923 422 3971 licet
436 3921 592 3980 discernere,
611 3932 674 3982 quae
692 3929 722 3960 ex
737 3908 807 3959 libris
823 3907 893 3958 mstis
912 3906 1024 3968 duxerit,
1049 3924 1143 3972 quaeve
1159 3926 1190 3958 ex

111 4006 254 4058 coniectura
272 4005 412 4053 mutaverit.

198 4101 229 4152 5.
276 4083 383 4150 (lodex
404 4084 564 4170 (lpsopoel.
610 4092 686 4142 Liber
703 4090 798 4140 Claudii
816 4088 916 4151 Rauleaai
932 4093 1024 4149 mstus,
1048 4102 1121 4150 quem
1143 4084 1192 4134 ali-

112 4192 210 4262 quoties
227 4187 312 4240 loudat
330 4190 474 4256 Opsopoeus
483 4223 490 4247 ,
509 4185 651 4253 quodlicet
668 4180 785 4246 colligere
798 4197 828 4229 ex
845 4174 974 4242 scripturis
988 4177 1132 4244 propositis,
1150 4176 1192 4226 iu-
