2640 4792
431 1356 872 1454 PRAEFATIO.

574 1628 726 1640 -————-—

185 1807 294 1885 Pauca
318 1809 389 1871 miti
408 1810 528 1871 suntad
552 1809 677 1868 sitorum
697 1807 752 1866 icoc
768 1805 904 1871 volumen
922 1809 1099 1890 praesentis,
1124 1833 1189 1877 eum

107 1926 230 2017 quaein
247 1926 345 2008 priore
364 1925 401 1993 dc
418 1925 502 1993 huius
518 1922 656 1993 editionis
672 1922 785 1984 rationo
801 1934 832 1985 et
854 1923 978 1987 consitio
1002 1928 1127 2011 scripsi,
1153 1950 1188 1996 ee

105 2053 171 2106 rete
192 2041 293 2104 heberi
311 2041 404 2103 adhcrc
427 2041 515 2104 velim
542 2040 651 2102 omnio.
697 2035 825 2102 'Pontum
845 2040 922 2103 enim
949 2043 1058 2125 obicit,
1089 2060 1121 2109 ut
1141 2050 1188 2113 vel

105 2160 221 2242 inipso
247 2178 337 2243 opere
361 2159 410 2223 vel
433 2158 622 2221 extrinsecus
642 2157 749 2239 aliquid
774 2158 945 2238 obvenerit,
979 2162 1055 2244 quod
1080 2163 1117 2226 de
1137 2164 1186 2228 vis

106 2278 256 2362 proposita
272 2276 483 2340 deflectendum
499 2295 567 2340 esse
583 2284 736 2353 moneret,
761 2285 793 2337 ut
809 2296 867 2357 quo
883 2277 1052 2359 ampliore·
1068 2300 1187 2363 operem

106 2395 138 2456 in
154 2391 271 2458 Seneca
293 2395 476 2457 emendando
494 2392 692 2470 collocabam,
716 2412 754 2454 eo
776 2393 885 2455 certius
904 2393 974 2456 mihi
992 2397 1184 2478 persuadere.

105 2523 156 2585 tter
171 2512 200 2585 id
218 2513 401 2602 potissimum
423 2531 490 2575 esse
505 2512 662 2595 egendum,
686 2520 719 2572 ot
734 2509 852 2588 omnir,
876 2512 972 2599 quood
993 2511 1056 2575 fleri
1071 2526 1184 2608 posset,
1249 2486 1262 2508 ⁹

106 2648 148 2691 ex
163 2629 288 2693 vetustis
303 2629 385 2694 libris
400 2630 628 2693 restituerentur
644 2627 805 2710 horumque
819 2628 982 2711 scripturae
999 2650 1084 2712 quem
1100 2650 1187 2696 occo·

104 2745 254 2816 ratissimo
269 2757 301 2814 et
314 2747 517 2830 copiosissime
530 2755 722 2817 notarentur:
746 2745 851 2833 quippe
866 2745 965 2825 quenti
981 2745 1041 2806 sint
1051 2767 1185 2830 quaeque

106 2870 267 2924 contextos
281 2863 434 2938 habende,
466 2860 552 2921 aliter
575 2879 634 2920 non
656 2858 726 2921 licet
748 2859 917 2927 aestimare.
962 2858 1041 2922 Nem
1064 2862 1090 2923 si
1108 2884 1188 2926 com.

105 2975 259 3046 mcomriis
283 2975 395 3040 criticis
411 2976 567 3039 destitutus
585 2971 721 3039 Senecae
739 2994 848 3058 opere,
880 2975 975 3058 qualis
996 2977 1090 3042 adhuc
1109 2982 1188 3046 iere·

104 3094 231 3174 buntur,
254 3094 417 3178 perlegeris
434 3104 522 3177 etque
539 3094 613 3165 adeo
627 3093 742 3175 singula
757 3091 926 3175 diligentius
944 3100 1184 3179 pertractaveris,

105 3211 172 3274 fleri
185 3232 250 3289 'non
267 3222 375 3296 potest,
399 3211 469 3295 quin
483 3211 622 3296 pleraque
638 3231 753 3288 eorem,
773 3229 847 3292 quae
858 3208 976 3274 Eresmi
991 3215 1100 3297 potius,
1117 3213 1189 3279 Pin-

104 3327 202 3410 etam,
225 3326 354 3409 Mureti,
377 3327 471 3412 Lipsii
492 3337 562 3391 scot
577 3346 664 3410 quam
686 3322 837 3405 Senecae,
861 3329 990 3401 maxime
1013 3332 1187 3416 comprobes

106 3455 159 3508 eut
175 3457 255 3510 certe
278 3446 397 3510 minime
413 3445 451 3508 iis
469 3444 638 3520 offenderis,
683 3441 770 3515 Unde
793 3443 877 3511 tacite
899 3445 1024 3533 perspici
1045 3446 1184 3526 arbitror,

109 3562 178 3643 quisi
195 3565 384 3628 emolumenti
402 3565 500 3627 ferent
516 3560 718 3635 commentarii
741 3560 854 3640 critici,
878 3560 1033 3634 dummodo
1056 3565 1187 3630 sccoreti

109 3676 171 3739 sint
189 3687 219 3740 ct
233 3680 329 3771 pleniz
354 3681 454 3763 quales
475 3690 507 3743 ot
527 3698 610 3743 meos
630 3688 827 3763 precstorem,
851 3696 958 3772 magno
978 3696 1068 3760 opere
1087 3679 1187 3753 einbo-

107 3794 187 3858 tevi.
233 3791 268 3857 Si
284 3809 386 3860 contre
404 3797 522 3860 humeni
540 3795 647 3879 aliquid
664 3793 734 3856 mihi
757 3792 915 3872 occiderit,
939 3792 994 3862 hoc
1008 3814 1121 3891 (praeeo
1138 3816 1189 3862 ee-

109 3911 245 3994 sigoetor
261 3931 320 3972 non
334 3913 476 3977 voluntati
493 3932 594 3991 mccc,
618 3912 671 3974 sei
689 3909 781 3996 ipsius
796 3909 895 3996 operis
912 3908 1083 3990 difficultati,
1102 3932 1188 3998 qoem

109 4027 260 4110 ingentem
281 4045 350 4099 csse
371 4048 430 4103 non
445 4031 601 4122 ignorent,
625 4029 791 4124 quicunqne
807 4027 905 4102 verim
923 4028 1085 4127 scriptores
1107 4030 1189 4108 colli·

108 4144 198 4227 enti
220 4153 415 4241 susceperunt
437 4144 576 4218 laborem·

646 4269 649 4273 .
926 4257 977 4322 *2
